@article{arute2019quantum,
  title={Quantum supremacy using a programmable superconducting processor},
  author={Arute, Frank and Arya, Kunal and Babbush, Ryan and Bacon, Dave and Bardin, Joseph C and Barends, Rami and Biswas, Rupak and Boixo, Sergio and Brandao, Fernando GSL and Buell, David A and others},
  journal={Nature},
  volume={574},
  number={7779},
  pages={505--510},
  year={2019},
  publisher={Nature Publishing Group}
}

@article{zhong2020quantum,
  title={Quantum computational advantage using photons},
  author={Zhong, Han-Sen and Wang, Hui and Deng, Yu-Hao and Chen, Ming-Cheng and Peng, Li-Chao and Luo, Yi-Han and Qin, Jian and Wu, Dian and Ding, Xing and Hu, Yi and others},
  journal={Science},
  volume={370},
  number={6523},
  pages={1460--1463},
  year={2020},
  publisher={American Association for the Advancement of Science}
}

@article{barends2013coherent,
  title={Coherent Josephson qubit suitable for scalable quantum integrated circuits},
  author={Barends, Rami and Kelly, Julian and Megrant, Anthony and Sank, Daniel and Jeffrey, Evan and Chen, Yu and Yin, Yi and Chiaro, Ben and Mutus, Josh and Neill, Charles and others},
  journal={Physical review letters},
  volume={111},
  number={8},
  pages={080502},
  year={2013},
  publisher={APS}
}

@article{krantz2019quantum,
  title={A quantum engineer's guide to superconducting qubits},
  author={Krantz, Philip and Kjaergaard, Morten and Yan, Fei and Orlando, Terry P and Gustavsson, Simon and Oliver, William D},
  journal={Applied Physics Reviews},
  volume={6},
  number={2},
  pages={021318},
  year={2019},
  publisher={AIP Publishing LLC}
}

@article{Sakata,
 title={超伝導量子コンピュータの物理},
 author={Squary, kajika},
 publisher={神楽坂基礎研究所}
}

@book{pozar2011microwave,
  title={Microwave engineering},
  author={Pozar, David M},
  year={2011},
  publisher={John wiley \& sons}
}




